@book{Livre1,
  title={Architecture et technologie des ordinateurs},
  author={Paoló Zanella, Yves Ligier, Emmanuel Lazard},
  isbn={9781417642595},
  url={https://www.eyrolles.com/Informatique/Livre/architecture-et-technologie-des-ordinateurs-9782100784592/},
  year={2018},
  publisher={DUNOD}
}
@online{site1,
organization={Micron Technology, Inc.},
title={Site Web de Crucial: La différence entre la vitesse de la RAM et la latence CAS},
url={https://www.crucial.fr/articles/about-memory/difference-between-speed-and-latency},
author={{Micron Technology, Inc. ({Direction de la communication})}},
date={2018}
}
@misc{ site2,
   author = "Wikipédia",
   title = "Socket (processeur) --- Wikipédia{,} l'encyclopédie libre",
   year = "2021",
   url = "http://fr.wikipedia.org/w/index.php?title=Socket_(processeur)&oldid=182124258",
   note = "[En ligne; Page disponible le 21-avril-2021]"
 }
